{"wallet": "WalletA", "mint": "SOL", "side": "buy", "amount": 10.0, "price": 100.0, "ts": 1700000000}
{"wallet": "WalletA", "mint": "SOL", "side": "sell", "amount": 5.0, "price": 105.0, "ts": 1700000100}
{"wallet": "WalletB", "mint": "SOL", "side": "buy", "amount": 20.0, "price": 98.0, "ts": 1700000200}
{"wallet": "WalletB", "mint": "SOL", "side": "sell", "amount": 10.0, "price": 102.0, "ts": 1700000300}
{"wallet": "WalletC", "mint": "SOL", "side": "buy", "amount": 15.0, "price": 95.0, "ts": 1700000400}
{"wallet": "WalletC", "mint": "SOL", "side": "sell", "amount": 15.0, "price": 90.0, "ts": 1700000500}
{"wallet": "WalletD", "mint": "SOL", "side": "buy", "amount": 8.0, "price": 110.0, "ts": 1700000600}
{"wallet": "WalletD", "mint": "SOL", "side": "sell", "amount": 4.0, "price": 115.0, "ts": 1700000700}
{"wallet": "WalletE", "mint": "SOL", "side": "buy", "amount": 25.0, "price": 92.0, "ts": 1700000800}
{"wallet": "WalletE", "mint": "SOL", "side": "sell", "amount": 25.0, "price": 88.0, "ts": 1700000900}
{"wallet": "WalletF", "mint": "SOL", "side": "buy", "amount": 12.0, "price": 105.0, "ts": 1700001000}
{"wallet": "WalletF", "mint": "SOL", "side": "sell", "amount": 6.0, "price": 112.0, "ts": 1700001100}
{"wallet": "WalletG", "mint": "SOL", "side": "buy", "amount": 18.0, "price": 97.0, "ts": 1700001200}
{"wallet": "WalletG", "mint": "SOL", "side": "sell", "amount": 9.0, "price": 101.0, "ts": 1700001300}
{"wallet": "WalletH", "mint": "SOL", "side": "buy", "amount": 22.0, "price": 94.0, "ts": 1700001400}
{"wallet": "WalletH", "mint": "SOL", "side": "sell", "amount": 11.0, "price": 96.0, "ts": 1700001500}
{"wallet": "WalletI", "mint": "SOL", "side": "buy", "amount": 7.0, "price": 108.0, "ts": 1700001600}
{"wallet": "WalletI", "mint": "SOL", "side": "sell", "amount": 3.5, "price": 113.0, "ts": 1700001700}
{"wallet": "WalletJ", "mint": "SOL", "side": "buy", "amount": 30.0, "price": 91.0, "ts": 1700001800}
{"wallet": "WalletJ", "mint": "SOL", "side": "sell", "amount": 15.0, "price": 89.0, "ts": 1700001900}
{"wallet": "WalletK", "mint": "SOL", "side": "buy", "amount": 14.0, "price": 103.0, "ts": 1700002000}
{"wallet": "WalletK", "mint": "SOL", "side": "sell", "amount": 7.0, "price": 109.0, "ts": 1700002100}
{"wallet": "WalletL", "mint": "SOL", "side": "buy", "amount": 16.0, "price": 99.0, "ts": 1700002200}
{"wallet": "WalletL", "mint": "SOL", "side": "sell", "amount": 8.0, "price": 104.0, "ts": 1700002300}
{"wallet": "WalletM", "mint": "SOL", "side": "buy", "amount": 9.0, "price": 106.0, "ts": 1700002400}
{"wallet": "WalletM", "mint": "SOL", "side": "sell", "amount": 4.5, "price": 111.0, "ts": 1700002500}
{"wallet": "WalletN", "mint": "SOL", "side": "buy", "amount": 11.0, "price": 102.0, "ts": 1700002600}
{"wallet": "WalletN", "mint": "SOL", "side": "sell", "amount": 5.5, "price": 107.0, "ts": 1700002700}
